<?xml version="1.0" encoding="UTF-8"?><collection xmlns="http://www.loc.gov/MARC21/slim"><record><leader>00435nam--2200157-i-4500</leader><controlfield tag="001">000024802</controlfield><controlfield tag="002">20161230</controlfield><controlfield tag="005">20170125154332</controlfield><controlfield tag="008">060222s1000------------r-----000-0-eng-d</controlfield><datafield ind1=" " ind2=" " tag="080"><subfield code="a">681.5:656</subfield></datafield><datafield ind1=" " ind2=" " tag="100"><subfield code="a">Turbut, Gh</subfield></datafield><datafield ind1=" " ind2=" " tag="245"><subfield code="a">Inginerie de sistem, automatizari si infomatica in transporturi feroviare, navale, aeriene</subfield></datafield><datafield ind1=" " ind2=" " tag="260"><subfield code="a">Bucuresti</subfield><subfield code="b">Ed.Tehnica</subfield><subfield code="c">1988</subfield></datafield><datafield ind1=" " ind2=" " tag="300"><subfield code="a">760 p</subfield></datafield><datafield ind1=" " ind2=" " tag="852"><subfield code="a">79677</subfield></datafield><datafield ind1=" " ind2=" " tag="CAT"><subfield code="a">SYS</subfield><subfield code="c">20170125</subfield><subfield code="h">154332</subfield></datafield></record></collection>